<?xml version="1.0" encoding="UTF-8"?><collection xmlns="http://www.loc.gov/MARC21/slim"><record><leader>00335nam--2200133-i-4500</leader><controlfield tag="001">000033271</controlfield><controlfield tag="002">20161230</controlfield><controlfield tag="005">20161230201039</controlfield><controlfield tag="008">060222s1000------------r-----000-0-eng-d</controlfield><datafield ind1=" " ind2=" " tag="100"><subfield code="a">Monch, G</subfield></datafield><datafield ind1=" " ind2=" " tag="245"><subfield code="a">Vakuumtechnik im laboratorium</subfield></datafield><datafield ind1=" " ind2=" " tag="260"><subfield code="a">Weimar, `R.Wagner Sohn`, 1937, Ix + 218p</subfield></datafield><datafield ind1=" " ind2=" " tag="490"><subfield code="a">Glasinstrumentenkunde</subfield></datafield><datafield ind1=" " ind2=" " tag="852"><subfield code="a">828</subfield></datafield></record></collection>